<?xml version="1.0" encoding="UTF-8" standalone="yes"?>
<!--
  ~ Copyright (c) 2018-2023 adorsys GmbH and Co. KG
  ~ All rights are reserved.
  -->

<Document xmlns="urn:iso:std:iso:20022:tech:xsd:pain.001.001.03" xmlns:xsi="http://www.w3.org/2001/XMLSchema-instance"
          xsi:schemaLocation="urn:iso:std:iso:20022:tech:xsd:pain.001.001.03 pain.001.001.03.xsd">
    <CstmrCdtTrfInitn>
        <GrpHdr>
            <MsgId>2019-02-08T09:26:08:0432</MsgId>
            <CreDtTm>2019-02-08T09:26:08</CreDtTm>
            <NbOfTxs>2</NbOfTxs>
            <CtrlSum>12</CtrlSum>
            <InitgPty>
                <Nm>TESTKONTO</Nm>
            </InitgPty>
        </GrpHdr>
        <PmtInf>
            <PmtInfId>0001</PmtInfId>
            <PmtMtd>TRF</PmtMtd>
            <BtchBookg>true</BtchBookg>
            <NbOfTxs>2</NbOfTxs>
            <CtrlSum>30</CtrlSum>
            <PmtTpInf>
                <SvcLvl>
                    <Cd>SEPA</Cd>
                </SvcLvl>
            </PmtTpInf>
            <ReqdExctnDt>2020-01-01</ReqdExctnDt>
            <Dbtr>
                <Nm>Anton Brueckner</Nm>
            </Dbtr>
            <DbtrAcct>
                <Id>
                    <IBAN>DE80760700240271232400</IBAN>
                </Id>
            </DbtrAcct>
            <DbtrAgt>
                <FinInstnId>
                    <BIC>XBANDECG</BIC>
                </FinInstnId>
            </DbtrAgt>
            <ChrgBr>SLEV</ChrgBr>
            <CdtTrfTxInf>
                <PmtId>
                    <EndToEndId>FIRST-PAYMENT</EndToEndId>
                </PmtId>
                <Amt>
                    <InstdAmt Ccy="EUR">12</InstdAmt>
                </Amt>

                <CdtrAgt>
                    <FinInstnId>
                        <BIC>DEUXXXDE</BIC>
                    </FinInstnId>
                </CdtrAgt>
                <Cdtr>
                    <Nm>Max Musterman</Nm>
                    <PstlAdr>
                        <AdrLine>Some address here</AdrLine>
                    </PstlAdr>
                </Cdtr>
                <CdtrAcct>
                    <Id>
                        <IBAN>DE38760700240320465700</IBAN>
                    </Id>
                </CdtrAcct>
                <Purp>
                    <Cd>CDCD</Cd>
                </Purp>
            </CdtTrfTxInf>
            <CdtTrfTxInf>
                <PmtId>
                    <EndToEndId>SECOND-PAYMENT</EndToEndId>
                </PmtId>
                <Amt>
                    <InstdAmt Ccy="EUR">18</InstdAmt>
                </Amt>
                <Cdtr>
                    <Nm>Max Musterman</Nm>
                    <PstlAdr>
                        <StrtNm>BanhoffStrasse</StrtNm>
                        <BldgNb>122</BldgNb>
                        <PstCd>123456</PstCd>
                        <TwnNm>Nurnberg</TwnNm>
                        <Ctry>DE</Ctry>
                    </PstlAdr>
                </Cdtr>
                <CdtrAcct>
                    <Id>
                        <IBAN>DE56760905000002257793</IBAN>
                    </Id>
                </CdtrAcct>
                <RmtInf>
                    <Ustrd>Some unstructured info on the second payment...</Ustrd>
                </RmtInf>
            </CdtTrfTxInf>
        </PmtInf>
    </CstmrCdtTrfInitn>
</Document>
