<?xml version="1.0" encoding="UTF-8" standalone="yes"?>
<Document xmlns="urn:iso:std:iso:20022:tech:xsd:pain.001.001.03" xmlns:xsi="http://www.w3.org/2001/XMLSchema-instance"
          xsi:schemaLocation="urn:iso:std:iso:20022:tech:xsd:pain.001.001.03 pain.001.001.03.xsd">
    <CstmrCdtTrfInitn>
        <GrpHdr>
            <MsgId>2019-02-08T09:26:08:0432</MsgId>
            <CreDtTm>2019-02-08T09:26:08</CreDtTm>
            <NbOfTxs>1</NbOfTxs>
            <CtrlSum>12</CtrlSum>
            <InitgPty>
                <Nm>TESTKONTO</Nm>
            </InitgPty>
        </GrpHdr>
        <PmtInf>
            <PmtInfId>2019-02-08T09:26:08:0432</PmtInfId>
            <PmtMtd>TRF</PmtMtd>
            <NbOfTxs>1</NbOfTxs>
            <CtrlSum>12</CtrlSum>
            <PmtTpInf>
                <SvcLvl>
                    <Cd>SEPA</Cd>
                </SvcLvl>
            </PmtTpInf>
            <ReqdExctnDt>1999-01-01</ReqdExctnDt>
            <Dbtr>
                <Nm>TESTKONTO</Nm>
            </Dbtr>
            <DbtrAcct>
                <Id>
                    <IBAN>DE51250400903312345678</IBAN>
                </Id>
            </DbtrAcct>
            <DbtrAgt>
                <FinInstnId>
                    <BIC>XBANDECG</BIC>
                </FinInstnId>
            </DbtrAgt>
            <ChrgBr>SLEV</ChrgBr>
            <CdtTrfTxInf>
                <PmtId>
                    <EndToEndId>NOTPROVIDED</EndToEndId>
                </PmtId>
                <Amt>
                    <InstdAmt Ccy="EUR">12</InstdAmt>
                </Amt>
                <Cdtr>
                    <Nm>Max Mustermann</Nm>
                </Cdtr>
                <CdtrAcct>
                    <Id>
                        <IBAN>DE56760905000002257793</IBAN>
                    </Id>
                </CdtrAcct>
                <RmtInf>
                    <Ustrd>Test123</Ustrd>
                </RmtInf>
            </CdtTrfTxInf>
        </PmtInf>
    </CstmrCdtTrfInitn>
</Document>
